<?xml version="1.0" encoding="UTF-8"?><collection xmlns="http://www.loc.gov/MARC21/slim"><record><leader>00331nam--2200121-i-4500</leader><controlfield tag="001">000047443</controlfield><controlfield tag="002">20161230</controlfield><controlfield tag="005">20161230201046</controlfield><controlfield tag="008">060222s1000------------r-----000-0-eng-d</controlfield><datafield ind1=" " ind2=" " tag="100"><subfield code="a">Weyssenhoff, Jan</subfield></datafield><datafield ind1=" " ind2=" " tag="245"><subfield code="a">Zasady elektromagnetyki i optiki klasysznej</subfield></datafield><datafield ind1=" " ind2=" " tag="260"><subfield code="a">Warszawa, Panstwowe Wydawnictwo Naukowe, 1957, 597p</subfield></datafield><datafield ind1=" " ind2=" " tag="852"><subfield code="a">5820</subfield></datafield></record></collection>